@book{devore2015kindle,
  author    = {Devore, Jay L.},
  title     = {Probability and Statistics for Engineering and the Sciences},
  edition   = {9},
  publisher = {Cengage Learning},
  year      = {2015},
  note      = {Kindle edition},
  url       = {https://www.amazon.com/dp/B00QXKGG0Y},
  urldate   = {2025-08-21}
}

@report{mth3210-lectures-2025,
  author      = {Benjamin Dyer},
  title       = {{MTH} 3210: Probability and Statistics},
  titleaddon  = {Lecture notes},
  institution = {Metropolitan State University of Denver},
  date        = {2025},
  note        = {Fall semester}
}