@misc{coursera-algebra-i,
  author = {{Coursera}},
  title = {Algebra I: Tools for Mastery},
  note = {\url{https://www.coursera.org/learn/algebra-i}},
  year = {2025},
  url = {https://www.coursera.org/learn/algebra-i}
}
